<?xml version="1.0" encoding="UTF-8"?><record xmlns="http://www.loc.gov/MARC21/slim" xmlns:cinclude="http://apache.org/cocoon/include/1.0" xmlns:zs="http://www.loc.gov/zing/srw/">
  <leader>00533cz  a2200157n  4500</leader>
  <controlfield tag="001">no 98069035 </controlfield>
  <controlfield tag="003">DLC</controlfield>
  <controlfield tag="005">20020327092326.0</controlfield>
  <controlfield tag="008">980303n| acannaab           |a aaa     c</controlfield>
  <datafield tag="010" ind1=" " ind2=" ">
    <subfield code="a">no 98069035 </subfield>
  </datafield>
  <datafield tag="035" ind1=" " ind2=" ">
    <subfield code="a">(OCoLC)oca04671940</subfield>
  </datafield>
  <datafield tag="040" ind1=" " ind2=" ">
    <subfield code="a">InU</subfield>
    <subfield code="c">InU</subfield>
    <subfield code="d">DLC</subfield>
  </datafield>
  <datafield tag="100" ind1="1" ind2=" ">
    <subfield code="a">Milcoveanu, Șerban</subfield>
  </datafield>
  <datafield tag="400" ind1="1" ind2=" ">
    <subfield code="w">nnaa</subfield>
    <subfield code="a">Șerban, Milcoveanu</subfield>
  </datafield>
  <datafield tag="670" ind1=" " ind2=" ">
    <subfield code="a">Partidul Comunist și Mișcarea Legionară în epoca fierbinte ... 1996:</subfield>
    <subfield code="b">t.p. (Dr. Milcoveanu Șerban) p. 131 (b. 1911)</subfield>
  </datafield>
  <datafield tag="670" ind1=" " ind2=" ">
    <subfield code="a">LC data base, 4-16-98</subfield>
    <subfield code="b">(hdg.: Șerban, Milcoveanu)</subfield>
  </datafield>
</record>